% INTRO
@INPROCEEDINGS{intro_semntic_analysis_news,
  author={Krstajić, Miloš and Mansmann, Florian and Stoffel, Andreas and Atkinson, Martin and Keim, Daniel A.},
  booktitle={2010 IEEE 26th International Conference on Data Engineering Workshops (ICDEW 2010)}, 
  title={Processing online news streams for large-scale semantic analysis}, 
  year={2010},
  volume={},
  number={},
  pages={215-220},
  doi={10.1109/ICDEW.2010.5452710}}

@book{global_ents_intro,
  title={Extracting global entities information from news},
  author={Xia, Chen},
  year={2019},
  publisher={University of California, Los Angeles}
}
  @article{news_info_extract,
  title={Identifying relevant sentences in news articles for event information extraction},
  author={Faiz, Rim},
  journal={International Journal of Computer Processing of Oriental Languages},
  volume={19},
  number={01},
  pages={1--19},
  year={2006},
  publisher={World Scientific}
}
@article{summary_generation_intro,
  title={Summary generation approaches based on semantic analysis for news documents},
  author={Kogilavani, Shanmuga Vadivel and Kanimozhiselvi, CS and Malliga, Subramaniam},
  journal={Journal of Information Science},
  volume={42},
  number={4},
  pages={465--476},
  year={2016},
  publisher={SAGE Publications Sage UK: London, England}
}

@book{sarawagi_info,
  title={Information extraction},
  author={Sarawagi, Sunita},
  year={2008},
  publisher={Now Publishers Inc}
}

@article{kannan2014preprocessing,
  title={Preprocessing techniques for text mining},
  author={Kannan, Subbu and Gurusamy, Vairaprakash and Vijayarani, S and Ilamathi, J and Nithya, M and Kannan, S and Gurusamy, V},
  journal={International Journal of Computer Science \& Communication Networks},
  volume={5},
  number={1},
  pages={7--16},
  year={2014}
}

@book{knowledge_graph_springer,
  title={Knowledge graphs},
  author={Fensel, Dieter and {\c{S}}im{\c{s}}ek, Umutcan and Angele, Kevin and Huaman, Elwin and K{\"a}rle, Elias and Panasiuk, Oleksandra and Toma, Ioan and Umbrich, J{\"u}rgen and Wahler, Alexander},
  year={2020},
  publisher={Springer}
}

@article{ieee_named_entity,
  title={Named entity extraction for knowledge graphs: A literature overview},
  author={Al-Moslmi, Tareq and Oca{\~n}a, Marc Gallofr{\'e} and Opdahl, Andreas L and Veres, Csaba},
  journal={IEEE Access},
  volume={8},
  pages={32862--32881},
  year={2020},
  publisher={IEEE}
}

@misc{pos,
  doi = {10.48550/ARXIV.1104.2086},
  url = {https://arxiv.org/abs/1104.2086},
  author = {Petrov, Slav and Das, Dipanjan and McDonald, Ryan},
  title = {A Universal Part-of-Speech Tagset},
  publisher = {arXiv},
  year = {2011},
  copyright = {arXiv.org perpetual, non-exclusive license}
}

@inproceedings{finance,
  title={Natural language processing and information extraction: Qualitative analysis of financial news articles},
  author={Costantino, Marco and Morgan, Richard G and Collingham, Russell James and Carigliano, R},
  booktitle={Proceedings of the IEEE/IAFE 1997 Computational Intelligence for Financial Engineering (CIFEr)},
  pages={116--122},
  year={1997},
  organization={IEEE}
}

@article{finance_events,
  title={Semantics-based information extraction for detecting economic events},
  author={Hogenboom, Alexander and Hogenboom, Frederik and Frasincar, Flavius and Schouten, Kim and Van Der Meer, Otto},
  journal={Multimedia Tools and Applications},
  volume={64},
  number={1},
  pages={27--52},
  year={2013},
  publisher={Springer}
}
@inproceedings{clustering_intro,
  title={W-kmeans: clustering news articles using wordnet},
  author={Bouras, Christos and Tsogkas, Vassilis},
  booktitle={International Conference on Knowledge-Based and Intelligent Information and Engineering Systems},
  pages={379--388},
  year={2010},
  organization={Springer}
}

@article{wu2020knowledge,
  title={Knowledge graph construction from multiple online encyclopedias},
  author={Wu, Tianxing and Wang, Haofen and Li, Cheng and Qi, Guilin and Niu, Xing and Wang, Meng and Li, Lin and Shi, Chaomin},
  journal={World Wide Web},
  volume={23},
  number={5},
  pages={2671--2698},
  year={2020},
  publisher={Springer}
}

@inproceedings{tseng2014chinese,
  title={Chinese open relation extraction for knowledge acquisition},
  author={Tseng, Yuen-Hsien and Lee, Lung-Hao and Lin, Shu-Yen and Liao, Bo-Shun and Liu, Mei-Jun and Chen, Hsin-Hsi and Etzioni, Oren and Fader, Anthony},
  booktitle={Proceedings of the 14th Conference of the European Chapter of the Association for Computational Linguistics, volume 2: Short Papers},
  pages={12--16},
  year={2014}
}

@misc{exceptions_to_copyright,
 title={Exceptions to Copyright: Research},
 url={https://assets.publishing.service.gov.uk/government/uploads/system/uploads/attachment_data/file/375954/Research.pdf}, 
 journal={Assets.publishing.service.gov.uk}, 
 author={},
 year={2022}
}

% BACKGROUND
@article{retrospective_kg,
  title={A retrospective of knowledge graphs},
  author={Yan, Jihong and Wang, Chengyu and Cheng, Wenliang and Gao, Ming and Zhou, Aoying},
  journal={Frontiers of Computer Science},
  volume={12},
  number={1},
  pages={55--74},
  year={2018},
  publisher={Springer}
}

@techreport{internationalized,
title={Internationalized resource identifiers (IRIs)},
author={D{\"u}rst, Martin and Suignard, Michel},
year={2005}
}

@article{stemming,
  title={Stemming and lemmatization: a comparison of retrieval performances},
  journal={Stemming and lemmatization},
  author={Balakrishnan, Vimala and Lloyd-Yemoh, Ethel},
  year={2014}
}


@misc{medium_stemming, title={Text Normalization for Natural Language Processing (NLP)}, 
url={https://towardsdatascience.com/text-normalization-for-natural-language-processing-nlp-70a314bfa646}, 
journal={Medium}, 
author={Yse, Diego Lopez}, 
year={2021}
}

@article{porter,
  title={The Porter stemming algorithm: then and now},
  author={Willett, Peter},
  journal={Program},
  year={2006},
  publisher={Emerald Group Publishing Limited}
}

@inproceedings{elmo_word_rep,
  title={ELMo Word Representations For News Protection.},
  author={Maslennikova, Elizaveta},
  booktitle={CLEF (Working Notes)},
  year={2019}
}

@article{efficient_word_rep,
  title={Efficient estimation of word representations in vector space},
  author={Mikolov, Tomas and Chen, Kai and Corrado, Greg and Dean, Jeffrey},
  journal={arXiv preprint arXiv:1301.3781},
  year={2013}
}

@book{tfidf_mining,
  title={Mining of massive datasets},
  author={Rajaraman, Anand and Ullman, Jeffrey David},
  year={2011},
  publisher={Cambridge University Press}
}

@article{32_contextual_word,
  title={Contextual word representations: A contextual introduction},
  author={Smith, Noah A},
  journal={arXiv preprint arXiv:1902.06006},
  year={2019}
}

@inproceedings{context2vec,
  title={context2vec: Learning generic context embedding with bidirectional lstm},
  author={Melamud, Oren and Goldberger, Jacob and Dagan, Ido},
  booktitle={Proceedings of the 20th SIGNLL conference on computational natural language learning},
  pages={51--61},
  year={2016}
}

@book{crf,
author = {Jurafsky, Daniel and Martin, James},
year = {2008},
month = {02},
title = {Speech and Language Processing: An Introduction to Natural Language Processing, Computational Linguistics, and Speech Recognition},
volume = {2}
}

@article{ned,
  title={Various approaches to text representation for named entity disambiguation},
  author={La{\v{s}}ek, Ivo and Vojt{\'a}{\v{s}}, Peter},
  journal={International Journal of Web Information Systems},
  year={2013},
  publisher={Emerald Group Publishing Limited}
}

@inproceedings{nel,
  title={Graph-based named entity linking with wikipedia},
  author={Hachey, Ben and Radford, Will and Curran, James R},
  booktitle={International conference on web information systems engineering},
  pages={213--226},
  year={2011},
  organization={Springer}
}

@article{24_rinaldi2021semantic,
  title={A semantic approach for document classification using deep neural networks and multimedia knowledge graph},
  author={Rinaldi, Antonio M and Russo, Cristiano and Tommasino, Cristian},
  journal={Expert Systems with Applications},
  volume={169},
  pages={114320},
  year={2021},
  publisher={Elsevier}
}

@article{25_lda,
  title={Latent dirichlet allocation},
  author={Blei, David M and Ng, Andrew Y and Jordan, Michael I},
  journal={Journal of machine Learning research},
  volume={3},
  number={Jan},
  pages={993--1022},
  year={2003}
}

@article{23_topic_extraction,
  title={High quality topic extraction from business news explains abnormal financial market volatility},
  author={Hisano, Ryohei and Sornette, Didier and Mizuno, Takayuki and Ohnishi, Takaaki and Watanabe, Tsutomu},
  journal={PloS one},
  volume={8},
  number={6},
  pages={e64846},
  year={2013},
  publisher={Public Library of Science San Francisco, USA}
}

@article{16_liu2012sentiment,
  title={Sentiment analysis and opinion mining},
  author={Liu, Bing},
  journal={Synthesis lectures on human language technologies},
  volume={5},
  number={1},
  pages={1--167},
  year={2012},
  publisher={Morgan \& Claypool Publishers}
}

@inproceedings{18_kanakaraj2015nlp,
  title={NLP based sentiment analysis on Twitter data using ensemble classifiers},
  author={Kanakaraj, Monisha and Guddeti, Ram Mohana Reddy},
  booktitle={2015 3Rd international conference on signal processing, communication and networking (ICSCN)},
  pages={1--5},
  year={2015},
  organization={IEEE}
}
@article{22_godbole2007large,
  title={Large-Scale Sentiment Analysis for News and Blogs.},
  author={Godbole, Namrata and Srinivasaiah, Manja and Skiena, Steven},
  journal={Icwsm},
  volume={7},
  number={21},
  pages={219--222},
  year={2007},
  publisher={Citeseer}
}

@article{17_benamara2007sentiment,
  title={Sentiment analysis: Adjectives and adverbs are better than adjectives alone.},
  author={Benamara, Farah and Cesarano, Carmine and Picariello, Antonio and Recupero, Diego Reforgiato and Subrahmanian, Venkatramana S},
  journal={ICWSM},
  volume={7},
  pages={203--206},
  year={2007},
  publisher={Citeseer}
}

@article{20_balahur2013sentiment,
  title={Sentiment analysis in the news},
  author={Balahur, Alexandra and Steinberger, Ralf and Kabadjov, Mijail and Zavarella, Vanni and Van Der Goot, Erik and Halkia, Matina and Pouliquen, Bruno and Belyaeva, Jenya},
  journal={arXiv preprint arXiv:1309.6202},
  year={2013}
}

@article{6_world2014rdf,
  title={RDF 1.1 concepts and abstract syntax},
  author={World Wide Web Consortium and others},
  year={2014},
  journal={},
  publisher={World Wide Web Consortium}
}

@article{8_berven2020knowledge,
  title={A knowledge-graph platform for newsrooms},
  author={Berven, Arne and Christensen, Ole A and Moldeklev, Sindre and Opdahl, Andreas L and Villanger, Kjetil J},
  journal={Computers in Industry},
  volume={123},
  pages={103321},
  year={2020},
  publisher={Elsevier}
}

@article{4_towards_kg,
  title={Towards a definition of knowledge graphs.},
  author={Ehrlinger, Lisa and W{\"o}{\ss}, Wolfram},
  journal={SEMANTiCS (Posters, Demos, SuCCESS)},
  volume={48},
  number={1-4},
  pages={2},
  year={2016},
  publisher={Citeseer}
}

@misc{2_guide_kg,
  title={A Guide to Knowledge Graphs},
  url={https://towardsdatascience.com/a-guide-to-the-knowledge-graphs-bfb5c4027},
  year={2022}
}
@misc{29_bhalla_2022,
 title={Three Principles of Good Visualization | CU Management},
 url={https://www.cumanagement.com/blogs/2018/11/05/three-principles-good-visualization},
 journal={CU Management},
 author={Bhalla, K.},
 year={2022}
}

@misc{30_vis,
 title={The 12 Basic Principles Of Data Visualization},
 url={https://datafloq.com/read/the-12-basic-principles-of-data-visualization/},
 journal={Datafloq},
 author={},
 year={2022}
}

% Project structure
@misc{spacy, 
title={spaCy 101: everything you need to know}, 
url={https://spacy.io/usage/spacy-101}, 
journal={Spacy.io}, 
year={2022}}

@misc{spacy-nltk, 
title={Natural Language Processing in Python: NLTK vs. spaCy}, 
url={https://www.thedataincubator.com/blog/2016/04/27/nltk-vs-spacy-natural-language-processing-in-python/}, 
authr={},
year={2021} }

@misc{allennlp,
title={AllenNLP Library},
url={https://allenai.org/allennlp/software/allennlp-library},
journal={https://allenai.org/},
year={2022}
}

@misc{spanBERT,
  doi = {10.48550/ARXIV.1907.10529},
  url = {https://arxiv.org/abs/1907.10529},
  author = {Joshi, Mandar and Chen, Danqi and Liu, Yinhan and Weld, Daniel S. and Zettlemoyer, Luke and Levy, Omer},
  keywords = {Computation and Language (cs.CL), Machine Learning (cs.LG), FOS: Computer and information sciences, FOS: Computer and information sciences},
  title = {SpanBERT: Improving Pre-training by Representing and Predicting Spans},
  publisher = {arXiv},
  year = {2019},
  copyright = {arXiv.org perpetual, non-exclusive license}
}

@misc{roberta,
  doi = {10.48550/ARXIV.1907.11692},
  url = {https://arxiv.org/abs/1907.11692},
  author = {Liu, Yinhan and Ott, Myle and Goyal, Naman and Du, Jingfei and Joshi, Mandar and Chen, Danqi and Levy, Omer and Lewis, Mike and Zettlemoyer, Luke and Stoyanov, Veselin},
  keywords = {Computation and Language (cs.CL), FOS: Computer and information sciences, FOS: Computer and information sciences},
  title = {RoBERTa: A Robustly Optimized BERT Pretraining Approach},
  publisher = {arXiv},
  year = {2019},
  copyright = {arXiv.org perpetual, non-exclusive license}
}

@inproceedings{glove,
  title={Glove: Global vectors for word representation},
  author={Pennington, Jeffrey and Socher, Richard and Manning, Christopher D},
  booktitle={Proceedings of the 2014 conference on empirical methods in natural language processing (EMNLP)},
  pages={1532--1543},
  year={2014}
}

@article{word2vec, title={Word2Vec}, volume={23}, DOI={10.1017/S1351324916000334}, number={1}, journal={Natural Language Engineering}, publisher={Cambridge University Press}, author={CHURCH, KENNETH WARD}, year={2017}, pages={155–162}}

@misc{lample,
  doi = {10.48550/ARXIV.1603.01360},
  url = {https://arxiv.org/abs/1603.01360},
  author = {Lample, Guillaume and Ballesteros, Miguel and Subramanian, Sandeep and Kawakami, Kazuya and Dyer, Chris},
  keywords = {Computation and Language (cs.CL), FOS: Computer and information sciences, FOS: Computer and information sciences},
  title = {Neural Architectures for Named Entity Recognition},
  publisher = {arXiv},
  year = {2016},
  copyright = {arXiv.org perpetual, non-exclusive license}
}

@inproceedings{kmeans,
author={Muflikhah, Lailil and Baharudin, Baharum},
booktitle={2009 International Conference on Computer Technology and Development}, 
title={Document Clustering Using Concept Space and Cosine Similarity Measurement}, 
year={2009},
volume={1},
pages={58-62},
doi={10.1109/ICCTD.2009.206}
}
  
@article{silhouette,
title={Review on determining number of Cluster in K-Means Clustering},
author={Kodinariya, Trupti M and Makwana, Prashant R},
journal={International Journal},
volume={1},
number={6},
pages={90--95},
year={2013}
}

@inproceedings{elbowvssil,
  title={Effect of distance metrics in determining k-value in k-means clustering using elbow and silhouette method},
  author={Saputra, Danny Matthew and Saputra, Daniel and Oswari, Liniyanti D},
  booktitle={Sriwijaya International Conference on Information Technology and Its Applications (SICONIAN, 341--346. Indonesia: Atlantis Press},
  year={2020}
}

@incollection{topic_models,
  title={Topic models},
  author={Blei, David M and Lafferty, John D},
  booktitle={Text mining},
  pages={101--124},
  year={2009},
  publisher={Chapman and Hall/CRC}
}

@inproceedings{lda,
  title={LDA-based document models for ad-hoc retrieval},
  author={Wei, Xing and Croft, W Bruce},
  booktitle={Proceedings of the 29th annual international ACM SIGIR conference on Research and development in information retrieval},
  pages={178--185},
  year={2006}
}

@inproceedings{nouns_only_lda,
  title={TopicTiling: a text segmentation algorithm based on LDA},
  author={Riedl, Martin and Biemann, Chris},
  booktitle={Proceedings of ACL 2012 Student Research Workshop},
  pages={37--42},
  year={2012}
}

% This is the better cite for this
@inproceedings{efficient_noun_only_approach,
  title={More efficient topic modelling through a noun only approach},
  author={Martin, Fiona and Johnson, Mark},
  booktitle={Proceedings of the Australasian Language Technology Association Workshop 2015},
  pages={111--115},
  year={2015}
}

@inproceedings{bigrams_lda,
  title={Topic modeling: beyond bag-of-words},
  author={Wallach, Hanna M},
  booktitle={Proceedings of the 23rd international conference on Machine learning},
  pages={977--984},
  year={2006}
}


@misc{stanfordcoref,
  title={Speech and Language Processing: An Introduction to Natural Language Processing, Computational Linguistics, and Speech Recognition},
  author={Jurafsky, Daniel and Martin, James H},
  url = {https://web.stanford.edu/~jurafsky/slp3/21.pdf}
}


@article{lee2017end,
  title={End-to-end neural coreference resolution},
  author={Lee, Kenton and He, Luheng and Lewis, Mike and Zettlemoyer, Luke},
  journal={arXiv preprint arXiv:1707.07045},
  year={2017}
}


@article{lee2018coursetofine,
  title={Higher-order coreference resolution with coarse-to-fine inference},
  author={Lee, Kenton and He, Luheng and Zettlemoyer, Luke},
  journal={arXiv preprint arXiv:1804.05392},
  year={2018}
}


@book{wiki_coref,
  title={Pronunciation and phonetics: A practical guide for English language teachers},
  author={Brown, Adam},
  year={2014},
  publisher={Routledge}
}

@article{zheng2011coreference,
  title={Coreference resolution: A review of general methodologies and applications in the clinical domain},
  author={Zheng, Jiaping and Chapman, Wendy W and Crowley, Rebecca S and Savova, Guergana K},
  journal={Journal of biomedical informatics},
  volume={44},
  number={6},
  pages={1113--1122},
  year={2011},
  publisher={Elsevier}
  }
  
@INPROCEEDINGS{topic_score,
  author={Syed, Shaheen and Spruit, Marco},
  booktitle={2017 IEEE International Conference on Data Science and Advanced Analytics (DSAA)}, 
  title={Full-Text or Abstract? Examining Topic Coherence Scores Using Latent Dirichlet Allocation}, 
  year={2017},
  volume={},
  number={},
  pages={165-174},
  doi={10.1109/DSAA.2017.61}}
  
 @article{pca_clustering,
  title={Clustering high-dimensional data: A survey on subspace clustering, pattern-based clustering, and correlation clustering},
  author={Kriegel, Hans-Peter and Kr{\"o}ger, Peer and Zimek, Arthur},
  journal={Acm transactions on knowledge discovery from data (tkdd)},
  volume={3},
  number={1},
  pages={1--58},
  year={2009},
  publisher={ACM New York, NY, USA}
}

@inproceedings{nearest_neighbour,
  title={When is “nearest neighbor” meaningful?},
  author={Beyer, Kevin and Goldstein, Jonathan and Ramakrishnan, Raghu and Shaft, Uri},
  booktitle={International conference on database theory},
  pages={217--235},
  year={1999},
  organization={Springer}
}


@misc{flask,
title={Welcome to flask — flask documentation},
journal={Flask.palletsprojects.com},
year={2022},
url={https://flask.palletsprojects.com/en/2.1.x/}
}

@misc{heroku,
title={Cloud Application Platform: Heroku},
journal={Heroku.com},
year={2022},
url={https://www.heroku.com/}
}

@misc{universal_pos_tags,
title={Universal POS tags},
journal={universaldependencies.org},
year={2022},
url={https://universaldependencies.org/docs/u/pos/}
}

@misc{universal_deps,
title={Universal Dependencies},
journal={universaldependencies.org},
year={2022},
url={https://universaldependencies.org/u/dep/all.html}
}

@inproceedings{cv_space,
  title={Exploring the space of topic coherence measures},
  author={R{\"o}der, Michael and Both, Andreas and Hinneburg, Alexander},
  booktitle={Proceedings of the eighth ACM international conference on Web search and data mining},
  pages={399--408},
  year={2015}
}

@INPROCEEDINGS{cv_abstract,
  author={Syed, Shaheen and Spruit, Marco},
  booktitle={2017 IEEE International Conference on Data Science and Advanced Analytics (DSAA)}, 
  title={Full-Text or Abstract? Examining Topic Coherence Scores Using Latent Dirichlet Allocation}, 
  year={2017},
  volume={},
  number={},
  pages={165-174},
  doi={10.1109/DSAA.2017.61}
}

@inproceedings{verb_relation_extraction,
  title={A verb-based algorithm for multiple-relation extraction from single sentences},
  author={Hao, Qi and Keppens, Jeroen and Rodrigues, Odinaldo},
  booktitle={Proceedings of the International Conference on Information and Knowledge Engineering (IKE). The Steering Committee of The World Congress in Computer Science, Computer Engineering and Applied Computing (WorldComp)},
  pages={115--121},
  year={2017}
}


@inproceedings{madhuri2019extractive,
  title={Extractive text summarization using sentence ranking},
  author={Madhuri, JN and Kumar, R Ganesh},
  booktitle={2019 International Conference on Data Science and Communication (IconDSC)},
  pages={1--3},
  year={2019},
  organization={IEEE}
}


@inproceedings{jevzek2008automatic,
  title={Automatic text summarization (the state of the art 2007 and new challenges)},
  author={Je{\v{z}}ek, Karel and Steinberger, Josef},
  booktitle={Proceedings of Znalosti},
  pages={1--12},
  year={2008},
  organization={Citeseer}
}


@misc{spacy_ling,
  title={SpaCy: Linguistic Features}, url={https://spacy.io/usage/linguistic-features}, journal={Spacy.io}, year={2022}}